<collection xmlns="http://www.loc.gov/MARC21/slim">
<record>
  <leader>01789nam0a2200349 i 450 </leader>
  <controlfield tag="001">IT\ICCU\CNCE\047740</controlfield>
  <controlfield tag="005">20101122000000.0</controlfield>
  <datafield tag="012" ind1=" " ind2=" ">
    <subfield code="a">u-em giae eta, amNC (3) 1591 (R)</subfield>
    <subfield code="2">fei</subfield>
  </datafield>
  <datafield tag="100" ind1=" " ind2=" ">
    <subfield code="a">19990303d1591        0itac0103    ba</subfield>
  </datafield>
  <datafield tag="101" ind1=" " ind2=" ">
    <subfield code="a">LAT</subfield>
  </datafield>
  <datafield tag="102" ind1=" " ind2=" ">
    <subfield code="a">IT</subfield>
  </datafield>
  <datafield tag="200" ind1="1" ind2=" ">
    <subfield code="a">De perscribendis epistolis libellus</subfield>
  </datafield>
  <datafield tag="210" ind1=" " ind2=" ">
    <subfield code="a">Neapoli</subfield>
    <subfield code="c">apud Iosephum Cacchium</subfield>
    <subfield code="d">1591</subfield>
    <subfield code="e">Neapoli</subfield>
    <subfield code="g">apud Iosephum Cacchium</subfield>
    <subfield code="h">1591</subfield>
  </datafield>
  <datafield tag="215" ind1=" " ind2=" ">
    <subfield code="a">\8!, 145, \3! p.</subfield>
    <subfield code="d">4ʻ</subfield>
  </datafield>
  <datafield tag="620" ind1=" " ind2=" ">
    <subfield code="a">IT</subfield>
    <subfield code="d">Napoli</subfield>
  </datafield>
  <datafield tag="700" ind1=" " ind2="1">
    <subfield code="a">Santorelli,</subfield>
    <subfield code="b">Luigi Antonio</subfield>
    <subfield code="3">IT\ICCU\CNCA\006761</subfield>
  </datafield>
  <datafield tag="712" ind1="0" ind2="0">
    <subfield code="a">Cacchi, Giuseppe</subfield>
    <subfield code="3">IT\ICCU\CNCT\000064</subfield>
    <subfield code="4">650</subfield>
  </datafield>
  <datafield tag="790" ind1=" " ind2="1">
    <subfield code="a">Sanctorellus,</subfield>
    <subfield code="b">Aloisius Antonius</subfield>
    <subfield code="3">IT\ICCU\CNCA\023662</subfield>
    <subfield code="z">Santorelli, Luigi Antonio</subfield>
  </datafield>
  <datafield tag="791" ind1="0" ind2="0">
    <subfield code="a">Cacchius, Iosephus</subfield>
    <subfield code="3">IT\ICCU\CNCT\004389</subfield>
    <subfield code="z">Cacchi, Giuseppe</subfield>
  </datafield>
  <datafield tag="791" ind1="0" ind2="0">
    <subfield code="a">Cacchio, Giuseppe</subfield>
    <subfield code="3">IT\ICCU\CNCT\004390</subfield>
    <subfield code="z">Cacchi, Giuseppe</subfield>
  </datafield>
  <datafield tag="801" ind1=" " ind2="3">
    <subfield code="a">IT</subfield>
    <subfield code="b">ICCU</subfield>
    <subfield code="c">20201115</subfield>
  </datafield>
  <datafield tag="899" ind1=" " ind2=" ">
    <subfield code="a">Biblioteca comunale A. Minuziano. San Severo</subfield>
    <subfield code="1">FG0096</subfield>
    <subfield code="2">FOG 33</subfield>
  </datafield>
  <datafield tag="899" ind1=" " ind2=" ">
    <subfield code="a">Biblioteca Medicea Laurenziana. Firenze</subfield>
    <subfield code="1">FI0100</subfield>
    <subfield code="2">CFI ML</subfield>
  </datafield>
  <datafield tag="899" ind1=" " ind2=" ">
    <subfield code="a">Biblioteca regionale universitaria. Messina</subfield>
    <subfield code="1">ME0050</subfield>
    <subfield code="2">PAL BM</subfield>
  </datafield>
  <datafield tag="899" ind1=" " ind2=" ">
    <subfield code="a">Biblioteca universitaria. Napoli</subfield>
    <subfield code="1">NA0070</subfield>
    <subfield code="2">NAP BU</subfield>
  </datafield>
  <datafield tag="899" ind1=" " ind2=" ">
    <subfield code="a">Biblioteca comunale Augusta. Perugia</subfield>
    <subfield code="1">PG0109</subfield>
    <subfield code="2">UM1 01</subfield>
  </datafield>
  <datafield tag="899" ind1=" " ind2=" ">
    <subfield code="a">Istituto culturale e di documentazione Lazzerini. Prato</subfield>
    <subfield code="1">PO0002</subfield>
    <subfield code="2">RT1 DA</subfield>
  </datafield>
  <datafield tag="899" ind1=" " ind2=" ">
    <subfield code="a">Biblioteca comunale Salvatore Quasimodo. Modica</subfield>
    <subfield code="1">RG0007</subfield>
    <subfield code="2">ZRG 01</subfield>
  </datafield>
  <datafield tag="899" ind1=" " ind2=" ">
    <subfield code="a">Biblioteca nazionale centrale. Roma</subfield>
    <subfield code="1">RM0267</subfield>
    <subfield code="2">BVE CR</subfield>
  </datafield>
  <datafield tag="899" ind1=" " ind2=" ">
    <subfield code="a">Biblioteca universitaria Alessandrina. Roma</subfield>
    <subfield code="1">RM0280</subfield>
    <subfield code="2">RML 01</subfield>
  </datafield>
  <datafield tag="911" ind1=" " ind2=" ">
    <subfield code="a">In fine.</subfield>
    <subfield code="9">IT\ICCU\CNCM\000573</subfield>
  </datafield>
  <datafield tag="921" ind1=" " ind2=" ">
    <subfield code="a">IT\ICCU\CNCM\000573</subfield>
    <subfield code="b">Aquila si leva in volo su un rogo. In basso una volpe. In cornice figurata</subfield>
    <subfield code="e">Tu non extingues dum ipsa accendo.</subfield>
    <subfield code="c">V122</subfield>
    <subfield code="c">Z150</subfield>
    <subfield code="d">Dimensioni: 11,8 x 9,1</subfield>
    <subfield code="f">AQUILA</subfield>
    <subfield code="f">ROGO</subfield>
    <subfield code="f">TUNONEXTIN</subfield>
    <subfield code="f">VOLPE</subfield>
    <subfield code="g">1576-1591</subfield>
  </datafield>
</record>
</collection>
